<record><leader>00000cas a22000007a 4500</leader><controlfield tag="001">10201648</controlfield><controlfield tag="008">831208d18291830riudn ne      0    0eng d</controlfield><controlfield tag="009">3768</controlfield><datafield ind1=" " ind2=" " tag="010"><subfield code="a">sn 83021420 </subfield></datafield><datafield ind1=" " ind2=" " tag="040"><subfield code="a">NPX</subfield><subfield code="b">eng</subfield><subfield code="c">NPX</subfield><subfield code="d">DLC</subfield><subfield code="d">YOX</subfield><subfield code="d">RHN</subfield><subfield code="d">OCL</subfield><subfield code="d">KRTAS</subfield><subfield code="d">DLC</subfield><subfield code="d">OCLCA</subfield><subfield code="d">OCLCF</subfield></datafield><datafield ind1="1" ind2=" " tag="029"><subfield code="a">AU@</subfield><subfield code="b">000025803219</subfield></datafield><datafield ind1=" " ind2=" " tag="042"><subfield code="a">msc</subfield></datafield><datafield ind1=" " ind2=" " tag="043"><subfield code="a">n-us-ri</subfield></datafield><datafield ind1="0" ind2="0" tag="050"><subfield code="a">Newspaper</subfield></datafield><datafield ind1="0" ind2="0" tag="245"><subfield code="a">Providence daily advertiser.</subfield></datafield><datafield ind1=" " ind2=" " tag="260"><subfield code="a">Providence, [R.I.] :</subfield><subfield code="b">F.Y. Carlile &amp; J.C. Parmenter,</subfield><subfield code="c">1829-1830.</subfield></datafield><datafield ind1=" " ind2=" " tag="300"><subfield code="a">1 v. :</subfield><subfield code="b">ill. (chiefly advertisements) ;</subfield><subfield code="c">56 cm.</subfield></datafield><datafield ind1=" " ind2=" " tag="310"><subfield code="a">Daily (except Sun.)</subfield></datafield><datafield ind1="0" ind2=" " tag="362"><subfield code="a">Vol. 1, no. 1 (July 21, 1829)-v. 1, no. 276 (June 5, 1830).</subfield></datafield><datafield ind1=" " ind2=" " tag="580"><subfield code="a">Weekly ed.: Microcosm (Providence, R.I.).</subfield></datafield><datafield ind1=" " ind2=" " tag="580"><subfield code="a">Semiweekly ed.: Rhode Island American, statesman and Providence gazette.</subfield></datafield><datafield ind1=" " ind2="0" tag="651"><subfield code="a">Providence (R.I.)</subfield><subfield code="v">Newspapers.</subfield></datafield><datafield ind1=" " ind2="7" tag="655"><subfield code="a">Newspapers.</subfield><subfield code="2">fast</subfield><subfield code="0">(OCoLC)fst01423814</subfield></datafield><datafield ind1=" " ind2="7" tag="651"><subfield code="a">Rhode Island</subfield><subfield code="z">Providence.</subfield><subfield code="2">fast</subfield><subfield code="0">(OCoLC)fst01204977</subfield></datafield><datafield ind1=" " ind2=" " tag="752"><subfield code="a">United States</subfield><subfield code="b">Rhode Island</subfield><subfield code="c">Providence</subfield><subfield code="d">Providence.</subfield></datafield><datafield ind1="1" ind2=" " tag="775"><subfield code="t">Microcosm (Providence, R.I.)</subfield><subfield code="w">(DLC)sn 83021488</subfield><subfield code="w">(OCoLC)10200734</subfield></datafield><datafield ind1="1" ind2=" " tag="775"><subfield code="t">Rhode Island American, statesman and Providence gazette</subfield><subfield code="w">(DLC)sn 83021402</subfield><subfield code="w">(OCoLC)10202068</subfield></datafield><datafield ind1="0" ind2="0" tag="785"><subfield code="t">Daily advertiser (Providence, R.I.)</subfield><subfield code="w">(DLC)sn 83021421</subfield><subfield code="w">(OCoLC)10201177</subfield></datafield><datafield ind1=" " ind2=" " tag="938"><subfield code="a">Kirtas Technologies, Inc.</subfield><subfield code="b">KRTS</subfield><subfield code="n">737950</subfield></datafield></record>